<?xml version="1.0" encoding="UTF-8"?><collection xmlns="http://www.loc.gov/MARC21/slim"><record><leader>00579nam--2200193-i-4500</leader><controlfield tag="001">000023035</controlfield><controlfield tag="002">20161230</controlfield><controlfield tag="005">20161230201034</controlfield><controlfield tag="008">060222s1000------------r-----000-0-eng-d</controlfield><datafield ind1=" " ind2=" " tag="040"><subfield code="a">IFIN-HH</subfield></datafield><datafield ind1=" " ind2=" " tag="080"><subfield code="a">546</subfield></datafield><datafield ind1="1" ind2=" " tag="100"><subfield code="a">Jander, J</subfield></datafield><datafield ind1="1" ind2="0" tag="245"><subfield code="a">Ionizing solvents</subfield><subfield code="b">Translated by express translation service, london</subfield><subfield code="c">J. jander, ch. lafrenz</subfield></datafield><datafield ind1=" " ind2=" " tag="260"><subfield code="a">London</subfield><subfield code="b">John Wiley &amp; Sons Ltd</subfield><subfield code="c">1970</subfield></datafield><datafield ind1=" " ind2=" " tag="300"><subfield code="a">XII + 202 P.+ 7 FIG.+ 33 TABL</subfield></datafield><datafield ind1=" " ind2=" " tag="490"><subfield code="a">Chemical Topics For Students</subfield><subfield code="v">Vol. 3</subfield></datafield><datafield ind1="1" ind2=" " tag="700"><subfield code="a">Lafrenz, Ch</subfield></datafield><datafield ind1=" " ind2=" " tag="852"><subfield code="a">34241</subfield><subfield code="c">539.143.43</subfield></datafield><datafield ind1=" " ind2=" " tag="CAT"><subfield code="a">Sys</subfield><subfield code="c">20120507</subfield><subfield code="h">150713</subfield></datafield></record></collection>